@book{2018_Schumacher_AgnusDei_Carus,
 author       = {Gottlob Benedict Bierey and Ludwig van Beethoven and Sabine Bock},
 editor       = {Jan Schumacher},
 title        = {Agnus Dei},
 publisher    = {Carus-Verlag},
 year         = {2018},
 address      = {Leinfelden-Echterdingen}
}

@article{1840_NA_Nachkommenschaft_NZFM,
 author          = {N.A.},
 title           = {Sebastian Bach's geistige Nachkommenschaft (Fortsetzung)},
 journal         = {Neue Zeitschrift für Musik},
 volume          = {27},
 month           = {3},
 year            = {1840},
 note            = {S.~105--106}
}

@article{1840_NA_BiereyNachruf_AMZ,
 author          = {N.A.},
 title           = {Gottlob Benedict Bierey},
 journal         = {Allgemeine Musikalische Zeitung},
 volume          = {24},
 month           = {6},
 year            = {1840},
 note            = {Sp.~506--509}
}

@article{1840_NA_BiereyNachruf_NZFM,
 author          = {N.A.},
 title           = {Gottlob Benedict Bierey},
 journal         = {Neue Zeitschrift für Musik},
 volume          = {44},
 month           = {11},
 year            = {1840},
 note            = {S.~173--174}
}




@article{1832_NA_Rezension_AMZ,
 author          = {N.A.},
 title           = {Kurze Anzeigen},
 journal         = {Allgemeine Musikalische Zeitung},
 volume          = {27},
 month           = {7},
 year            = {1832},
 note            = {Sp.~453}
}

@incollection{2016_Haertwig_Bierey_MGG,
 author       = {Dieter H{\"a}rtwig},
 title        = {Bierey, Gottlob},
 booktitle    = {MGG Online},
 editor       = {Laurenz Lütteken},
 publisher    = {Bärenreiter and Metzler and RILM},
 year         = {2016ff.},
 address      = {Kassel and Stuttgart and New York}
}

@incollection{2001_Haertwig_Bierey_Grove,
 author       = {Dieter H{\"a}rtwig},
 title        = {Bierey, Gottlob Benedict},
 booktitle    = {Grove Music Online},
 publisher    = {Oxford University Press},
 year         = {2001},
 address      = {Oxford}
}

@book{Bierey_AgnusDei_Breitkopf,
 author       = {Gottlob Benedict Bierey and Ludwig van Beethoven},
 title        = {Agnus Dei},
 publisher    = {Breitkopf \& H{\"a}rtel},
 address      = {Leipzig},
 year         = {o.D.},
 library      = {Österreichische Nationalbibliothek, Musiksammlung, Signatur: F24.St.Peter.F158 MUS MAG}
}
